@article{PhysRevD.96.126001,
  title = {Time evolution of complexity in Abelian gauge theories},
  author = {Hashimoto, Koji and Iizuka, Norihiro and Sugishita, Sotaro},
  journal = {Phys. Rev. D},
  volume = {96},
  issue = {12},
  pages = {126001},
  numpages = {24},
  year = {2017},
  month = {Dec},
  publisher = {American Physical Society},
  doi = {10.1103/PhysRevD.96.126001},
  url = {https://link.aps.org/doi/10.1103/PhysRevD.96.126001}
}

@online{othello_dataset,
    author = "Kwok-Ping Chan",
    title = "2013 Othello World Cup Game Records",
    url  = "https://i.cs.hku.hk/~kpchan/Othello/TrainingSet.html",
    addendum = "(accessed: 20.11.2022)",
}